@inproceedings{6_,
  title={Multi-lane detection in urban driving environments using conditional random fields},
  author={Hur, Junhwa and Kang, Seung-Nam and Seo, Seung-Woo},
  booktitle={2013 IEEE Intelligent Vehicles Symposium (IV)},
  pages={1297--1302},
  year={2013},
  organization={IEEE}
}

@inproceedings{9_,
  title={Vpgnet: Vanishing point guided network for lane and road marking detection and recognition},
  author={Lee, Seokju and Kim, Junsik and Shin Yoon, Jae and Shin, Seunghak and Bailo, Oleksandr and Kim, Namil and Lee, Tae-Hee and Seok Hong, Hyun and Han, Seung-Hoon and So Kweon, In},
  booktitle={Proceedings of the IEEE international conference on computer vision},
  pages={1947--1955},
  year={2017}
}

@article{13_,
  title={A review of recent advances in lane detection and departure warning system},
  author={Narote, Sandipann P and Bhujbal, Pradnya N and Narote, Abbhilasha S and Dhane, Dhiraj M},
  journal={Pattern Recognition},
  volume={73},
  pages={216--234},
  year={2018},
  publisher={Elsevier}
}

@article{16_,
  title={Multiple lane detection algorithm based on novel dense vanishing point estimation},
  author={Ozgunalp, Umar and Fan, Rui and Ai, Xiao and Dahnoun, Naim},
  journal={IEEE Transactions on Intelligent Transportation Systems},
  volume={18},
  number={3},
  pages={621--632},
  year={2016},
  publisher={IEEE}
}

@article{19_,
  title={Vanishing point constrained lane detection with a stereo camera},
  author={Su, Yingna and Zhang, Yigong and Lu, Tao and Yang, Jian and Kong, Hui},
  journal={IEEE Transactions on Intelligent Transportation Systems},
  volume={19},
  number={8},
  pages={2739--2744},
  year={2017},
  publisher={IEEE}
}